@misc{larc,
	title        = "{The Remington Rand Univac LARC}",
	howpublished = "\\\url{https://www.computer-history.info/Page4.dir/pages/LARC.dir/LARC.Cole.html}"
}

@misc{cuda,
	title        = "{NVIDIA CUDA}",
	howpublished = "\\\url{https://developer.nvidia.com/cuda-zone}"
}

@misc{opencl,
	title        = "{OpenCL}",
	howpublished = "\\\url{https://www.khronos.org/opencl/}"
}

@misc{dsp,
	title        = "{Digital Signal Processing}",
	howpublished = "\\\url{http://users.ece.utexas.edu/~bevans/courses/ee382c/lectures/02_signal_processing/project1.html}"
}

@misc{fpga,
	title        = "{FPGA}",
	howpublished = "\\\url{https://www.parallel-systems.co.uk/what-is-fpga/}"
}

@misc{openmp,
	title        = "{OpenMP}",
	howpublished = "\\\url{https://www.openmp.org/}"
}

@misc{mpi,
	title        = "{MPI}",
	howpublished = "\\\url{https://www.mpi-forum.org/}"
}

@misc{hybrid,
	title        = "{Hybrid programming}",
	howpublished = "\\\url{https://www.nersc.gov/assets/Training-Materials/hybridTalk.pdf}"
}

@misc{opencl_origin,
	title        = "{OpenCl Introduction}",
	howpublished = "\\\url{http://smai.emath.fr/cemracs/cemracs16/images/FDesprez.pdf}",
}



@misc{khronos_about,
	title        = "{About the Khronos Group}",
	howpublished = "\\\url{https://www.khronos.org/about/}"
}

@misc{khronos_members,
	title        = "{List of Khronos members}",
	howpublished = "\\\url{https://www.khronos.org/members/list}"
}

@misc{vulkan,
	title        = "{Vulkan}",
	howpublished = "\\\url{https://www.vulkan.org/}"
}

@misc{opengl,
	title        = "{OpenGL}",
	howpublished = "\\\url{https://www.opengl.org/}"
}

@misc{opencl1,
	title        = "{OpenCL 1.0 Release}",
	howpublished = "\\\url{https://www.khronos.org/news/press/the_khronos_group_releases_opencl_1.0_specification}"
}

@misc{spec,
	title        = "{OpenCL Specification}",
	howpublished = "\\\url{https://registry.khronos.org/OpenCL/specs/3.0-unified/html/OpenCL_API.html}"
}

@misc{m2s,
	title        = "{Multi2Sim}",
	howpublished = "\\\url{http://www.multi2sim.org/}"
}

@misc{m2sv,
	title        = "{Multi2Sim Visualization Tool}",
	howpublished = "\\\url{http://www.multi2sim.org/downloads/m2s-guide-4.2.pdf}",
	note 		 = "Pages 146--152"
}

@misc{gdb,
	title        = "{GDB: The GNU Project Debugger}",
	howpublished = "\\\url{https://www.sourceware.org/gdb/}"
}

@misc{antlr,
	title        = "{ANTLR}",
	howpublished = "\\\url{https://www.antlr.org/}"
}

@misc{blazor,
	title        = "{ASP.NET Core Blazor}",
	howpublished = "\\\url{https://docs.microsoft.com/en-us/aspnet/core/blazor/?view=aspnetcore-6.0}"
}

@misc{dotnet,
	title        = "{.NET Framework}",
	howpublished = "\\\url{https://dotnet.microsoft.com/en-us/}"
}

@misc{js,
	title        = "{Javascript}",
	howpublished = "\\\url{https://www.javascript.com/}"
}

@misc{csharp,
	title        = {C\#},
	howpublished = "\\\url{https://learn.microsoft.com/en-us/dotnet/csharp/tour-of-csharp/}"
}


@misc{blazor_h,
	title        = "{ASP.NET Core Blazor hosting models}",
	howpublished = "\\\url{https://learn.microsoft.com/en-us/aspnet/core/blazor/hosting-models?view=aspnetcore-6.0}"
}

@misc{razor,
	title        = "{ASP.NET Core Razor components}",
	howpublished = "\\\url{https://learn.microsoft.com/en-us/aspnet/core/blazor/components/?view=aspnetcore-6.0}"
}

@misc{routing,
	title        = "{ASP.NET Core Blazor routing and navigation}",
	howpublished = "\\\url{https://learn.microsoft.com/en-us/aspnet/core/blazor/fundamentals/routing?view=aspnetcore-6.0}"
}

@misc{signalr,
	title        = "{SignalR}",
	howpublished = "\\\url{https://dotnet.microsoft.com/en-us/apps/aspnet/signalr}"
}

@misc{di,
	title        = "{ASP.NET Core Blazor dependency injection}",
	howpublished = "\\\url{https://learn.microsoft.com/en-us/aspnet/core/blazor/fundamentals/dependency-injection?view=aspnetcore-6.0}"
}

@misc{upload,
	title        = "{ASP.NET Core Blazor file uploads}",
	howpublished = "\\\url{https://learn.microsoft.com/en-us/aspnet/core/blazor/file-uploads?view=aspnetcore-6.0&pivots=server}"
}

@misc{1080,
	title        = "{NVIDIA GeForce GTX 1080}",
	howpublished = "\\\url{https://www.techpowerup.com/gpu-specs/geforce-gtx-1080.c2839}"
}

@misc{wmi,
	title        = "{Windows Management Instrumentation}",
	howpublished = "\\\url{https://learn.microsoft.com/en-us/windows/win32/wmisdk/wmi-start-page}"
}

@misc{tensor,
	title        = "{NVIDIA Tensor Cores}",
	howpublished = "\\\url{https://www.nvidia.com/en-us/data-center/tensor-cores/}"
}

@misc{js_interop,
	title        = "{Call JavaScript functions from .NET methods in ASP.NET Core Blazor}",
	howpublished = "\\\url{https://learn.microsoft.com/en-us/aspnet/core/blazor/javascript-interoperability/call-javascript-from-dotnet?view=aspnetcore-6.0}"
}

@misc{reflection,
	title        = "{Reflection (C\# )}",
	howpublished = "\\\url{https://learn.microsoft.com/en-us/dotnet/csharp/programming-guide/concepts/reflection}"
}

@misc{assembly_builder,
	title        = "{AssemblyBuilder Class}",
	howpublished = "\\\url{https://learn.microsoft.com/en-us/dotnet/api/system.reflection.emit.assemblybuilder?view=net-6.0}"
}

@misc{pfor,
	title        = "{Parallel.For Method}",
	howpublished = "\\\url{https://learn.microsoft.com/en-us/dotnet/api/system.threading.tasks.parallel.for?view=net-6.0}"
}

@misc{drawing,
	title        = "{System.Drawing.Common only supported on Windows}",
	howpublished = "\\\url{https://learn.microsoft.com/en-us/dotnet/core/compatibility/core-libraries/6.0/system-drawing-common-windows-only}"
}

@misc{adobe,
	title        = "{Photoshop GPU FAQ}",
	howpublished = "\\\url{https://helpx.adobe.com/photoshop/kb/photoshop-cc-gpu-card-faq.html}"
}

@misc{vegas,
	title        = "{Graphics Cards and GPU-Acceleration for VEGAS Pro}",
	howpublished = "\\\url{https://www.vegascreativesoftware.info/us/forum/faq-graphics-cards-gpu-acceleration-for-vegas-pro--104614/}"
}

@misc{fence,
	title        = "{OpenCL Programming}",
	howpublished = "\\\url{https://developer.download.nvidia.com/presentations/2009/SIGGRAPH/asia/3_OpenCL_Programming.pdf}",
	note		 = "Slide 31"
}

